<record><leader>00000cas a22000007a 4500</leader><controlfield tag="001">14994635</controlfield><controlfield tag="008">861219d18571865inuwr ne      0    0eng d</controlfield><datafield ind1=" " ind2=" " tag="010"><subfield code="a">sn 86059133 </subfield></datafield><datafield ind1=" " ind2=" " tag="040"><subfield code="a">NPI</subfield><subfield code="b">eng</subfield><subfield code="c">NPI</subfield><subfield code="d">OCLCQ</subfield></datafield><datafield ind1=" " ind2=" " tag="042"><subfield code="a">msc</subfield></datafield><datafield ind1="0" ind2="4" tag="245"><subfield code="a">The Rensselaer gazette.</subfield></datafield><datafield ind1=" " ind2=" " tag="260"><subfield code="a">Renssalaer, Jasper County, Ind. :</subfield><subfield code="b">D.F. Davies</subfield></datafield><datafield ind1=" " ind2=" " tag="310"><subfield code="a">Weekly</subfield></datafield><datafield ind1="1" ind2=" " tag="362"><subfield code="a">Began with Apr. 29, 1857 issue; ceased in July 1865.</subfield></datafield><datafield ind1=" " ind2=" " tag="588"><subfield code="a">Description based on: Vol. 2, no. 1 (May 5, 1858).</subfield></datafield><datafield ind1=" " ind2=" " tag="752"><subfield code="a">United States</subfield><subfield code="b">Indiana</subfield><subfield code="c">Jasper</subfield><subfield code="d">Rensselaer.</subfield></datafield><datafield ind1="0" ind2="0" tag="785"><subfield code="t">Jasper signal</subfield></datafield></record>